<record><leader>00000cas a22000007a 4500</leader><controlfield tag="001">9927009</controlfield><controlfield tag="008">830920d18771884nyuwr ne      0    0eng d</controlfield><datafield ind1=" " ind2=" " tag="010"><subfield code="a">sn 83031550 </subfield></datafield><datafield ind1=" " ind2=" " tag="040"><subfield code="a">NPU</subfield><subfield code="b">eng</subfield><subfield code="c">NPU</subfield><subfield code="d">NYG</subfield><subfield code="d">NYS</subfield><subfield code="d">OCLCQ</subfield></datafield><datafield ind1=" " ind2=" " tag="042"><subfield code="a">msc</subfield></datafield><datafield ind1="0" ind2="0" tag="245"><subfield code="a">Cornwall reflector.</subfield></datafield><datafield ind1=" " ind2=" " tag="260"><subfield code="a">Cornwall-on-Hudson, N.Y. :</subfield><subfield code="b">H.H. Snelling</subfield></datafield><datafield ind1=" " ind2=" " tag="300"><subfield code="a">v. ;</subfield><subfield code="c">65 cm.</subfield></datafield><datafield ind1=" " ind2=" " tag="310"><subfield code="a">Weekly</subfield></datafield><datafield ind1="1" ind2=" " tag="362"><subfield code="a">Began in 1877; ceased in 1884.</subfield><subfield code="z">Cf. Gregory, Amer. newspapers, 1937.</subfield></datafield><datafield ind1=" " ind2=" " tag="515"><subfield code="a">Began new series with Vol. 1, no. 1 (Nov. 8, 1884).</subfield></datafield><datafield ind1=" " ind2=" " tag="588"><subfield code="a">Description based on: Vol. 3, no. 35 (July 10, 1880).</subfield></datafield><datafield ind1=" " ind2=" " tag="588"><subfield code="a">Latest issue consulted: Nov. 8, 1884.</subfield></datafield><datafield ind1=" " ind2="4" tag="651"><subfield code="a">Cornwall on Hudson (N.Y.)</subfield><subfield code="v">Newspapers.</subfield></datafield><datafield ind1=" " ind2="4" tag="651"><subfield code="a">Cornwall (N.Y.)</subfield><subfield code="v">Newspapers.</subfield></datafield><datafield ind1=" " ind2=" " tag="752"><subfield code="a">United States</subfield><subfield code="b">New York</subfield><subfield code="c">Orange</subfield><subfield code="d">Cornwall on Hudson.</subfield></datafield><datafield ind1=" " ind2=" " tag="752"><subfield code="a">United States</subfield><subfield code="b">New York</subfield><subfield code="c">Orange</subfield><subfield code="d">Cornwall.</subfield></datafield><datafield ind1="0" ind2="0" tag="785"><subfield code="t">Reflector of Cornwall</subfield><subfield code="w">(DLC)sn 88075841</subfield></datafield></record>